<collection xmlns="http://www.loc.gov/MARC21/slim">
<record>
  <leader>01801nam0a22003251i 450 </leader>
  <controlfield tag="001">IT\ICCU\CNCE\034280</controlfield>
  <controlfield tag="005">20161130000000.0</controlfield>
  <datafield tag="012" ind1=" " ind2=" ">
    <subfield code="a">nei- &amp;aa, s.it s.** (C) 1545 (R)</subfield>
    <subfield code="2">fei</subfield>
  </datafield>
  <datafield tag="100" ind1=" " ind2=" ">
    <subfield code="a">19971229d1545        0itac0103    ba</subfield>
  </datafield>
  <datafield tag="101" ind1=" " ind2=" ">
    <subfield code="a">LAT</subfield>
  </datafield>
  <datafield tag="102" ind1=" " ind2=" ">
    <subfield code="a">IT</subfield>
  </datafield>
  <datafield tag="200" ind1="1" ind2=" ">
    <subfield code="a">℗Abrami Iudaei ℗Tractatus de natiuitatibus per Lucam Gauricum Geophonensem, castigatus, et in ordinem redactus, atque recognitus, cum infinitis propemodum annotationibus</subfield>
  </datafield>
  <datafield tag="210" ind1=" " ind2=" ">
    <subfield code="d">1545</subfield>
    <subfield code="e">In vrbium principe Roma</subfield>
    <subfield code="g">praelo dederunt  Valerius Doricus et Aloisius</subfield>
    <subfield code="h">anno virginei partus 1545 uertente pridie nonas Nouembres</subfield>
  </datafield>
  <datafield tag="215" ind1=" " ind2=" ">
    <subfield code="a">\36! c.</subfield>
    <subfield code="c">ill.</subfield>
    <subfield code="d">4ʻ</subfield>
  </datafield>
  <datafield tag="620" ind1=" " ind2=" ">
    <subfield code="a">IT</subfield>
    <subfield code="d">Roma</subfield>
  </datafield>
  <datafield tag="700" ind1=" " ind2="1">
    <subfield code="a">Ibn Ezra,</subfield>
    <subfield code="b">Abraham</subfield>
    <subfield code="3">IT\ICCU\CNCA\001159</subfield>
  </datafield>
  <datafield tag="702" ind1=" " ind2="1">
    <subfield code="a">Gaurico,</subfield>
    <subfield code="b">Luca</subfield>
    <subfield code="3">IT\ICCU\CNCA\000133</subfield>
  </datafield>
  <datafield tag="712" ind1="0" ind2="0">
    <subfield code="a">Dorico, Valerio &amp; Dorico, Luigi</subfield>
    <subfield code="3">IT\ICCU\CNCT\000187</subfield>
    <subfield code="4">650</subfield>
  </datafield>
  <datafield tag="790" ind1=" " ind2="1">
    <subfield code="a">Abraham,</subfield>
    <subfield code="b">ibn Ezra</subfield>
    <subfield code="3">IT\ICCU\CNCA\012287</subfield>
    <subfield code="z">Ibn Ezra, Abraham</subfield>
  </datafield>
  <datafield tag="790" ind1=" " ind2="0">
    <subfield code="a">Abraham</subfield>
    <subfield code="c"> : Iudaeus</subfield>
    <subfield code="3">IT\ICCU\CNCA\012288</subfield>
    <subfield code="z">Ibn Ezra, Abraham</subfield>
  </datafield>
  <datafield tag="790" ind1=" " ind2="1">
    <subfield code="a">Ezra,</subfield>
    <subfield code="b">Abraham ibn</subfield>
    <subfield code="3">IT\ICCU\CNCA\020059</subfield>
    <subfield code="z">Ibn Ezra, Abraham</subfield>
  </datafield>
  <datafield tag="790" ind1=" " ind2="1">
    <subfield code="a">Gauricus,</subfield>
    <subfield code="b">Lucas</subfield>
    <subfield code="3">IT\ICCU\CNCA\019109</subfield>
    <subfield code="z">Gaurico, Luca</subfield>
  </datafield>
  <datafield tag="791" ind1="0" ind2="0">
    <subfield code="a">Dorico, Luigi</subfield>
    <subfield code="3">IT\ICCU\CNCT\000188</subfield>
    <subfield code="z">Dorico, Valerio &amp; Dorico, Luigi</subfield>
  </datafield>
  <datafield tag="801" ind1=" " ind2="3">
    <subfield code="a">IT</subfield>
    <subfield code="b">ICCU</subfield>
    <subfield code="c">20201114</subfield>
  </datafield>
  <datafield tag="899" ind1=" " ind2=" ">
    <subfield code="a">Biblioteca universitaria. Bologna</subfield>
    <subfield code="z">MUTILO</subfield>
    <subfield code="1">BO0098</subfield>
    <subfield code="2">UBO BU</subfield>
  </datafield>
  <datafield tag="899" ind1=" " ind2=" ">
    <subfield code="a">Biblioteca Apostolica Vaticana. Citt ̉del Vaticano</subfield>
    <subfield code="z">MUTILO</subfield>
    <subfield code="1">EX0001</subfield>
    <subfield code="2">ZCV 01</subfield>
  </datafield>
  <datafield tag="899" ind1=" " ind2=" ">
    <subfield code="a">Biblioteca nazionale Vittorio Emanuele III. Napoli</subfield>
    <subfield code="1">NA0079</subfield>
    <subfield code="2">NAP BN</subfield>
  </datafield>
  <datafield tag="899" ind1=" " ind2=" ">
    <subfield code="a">Biblioteca nazionale centrale. Roma</subfield>
    <subfield code="1">RM0267</subfield>
    <subfield code="2">BVE CR</subfield>
  </datafield>
  <datafield tag="899" ind1=" " ind2=" ">
    <subfield code="a">Biblioteca nazionale Marciana. Venezia</subfield>
    <subfield code="1">VE0049</subfield>
    <subfield code="2">VEA BM</subfield>
  </datafield>
  <datafield tag="921" ind1=" " ind2=" ">
    <subfield code="a">IT\ICCU\CNCM\000564</subfield>
    <subfield code="b">Pegaso colpisce con uno zoccolo la roccia da cui scaturisce una sorgente.</subfield>
    <subfield code="e">Invia virtuti nulla est via.</subfield>
    <subfield code="c">Z944</subfield>
    <subfield code="f">INVIAVIRTU</subfield>
    <subfield code="f">PEGASO FON</subfield>
    <subfield code="f">TE</subfield>
    <subfield code="g">1538-1553</subfield>
  </datafield>
</record>
</collection>
